<?xml version="1.0" encoding="UTF-8"?><record xmlns="http://www.loc.gov/MARC21/slim" xmlns:cinclude="http://apache.org/cocoon/include/1.0" xmlns:zs="http://www.loc.gov/zing/srw/">
  <leader>00451nz  a2200133n  4500</leader>
  <controlfield tag="001">no 97026910 </controlfield>
  <controlfield tag="003">DLC</controlfield>
  <controlfield tag="005">19970501051348.0</controlfield>
  <controlfield tag="008">970430n| acannaab|          |n ana     c</controlfield>
  <datafield tag="010" ind1=" " ind2=" ">
    <subfield code="a">no 97026910 </subfield>
  </datafield>
  <datafield tag="035" ind1=" " ind2=" ">
    <subfield code="a">(OCoLC)oca04329253 </subfield>
  </datafield>
  <datafield tag="040" ind1=" " ind2=" ">
    <subfield code="a">TxU-Mu</subfield>
    <subfield code="c">TxU-Mu</subfield>
  </datafield>
  <datafield tag="110" ind1="2" ind2="0">
    <subfield code="a">New Juilliard Ensemble</subfield>
  </datafield>
  <datafield tag="670" ind1=" " ind2=" ">
    <subfield code="a">Baley, V. Orpheus singing [SR] p1995:</subfield>
    <subfield code="b">insert (New Juilliard Ensemble; founded in 1994; chamber orchestra comprising students at the Juilliard School)</subfield>
  </datafield>
</record>